@book{filhosdekasegi,
  author = {Resstel, Cizina Célia Fernandes Peraria},
  title  = {Desamparo psíquico nos filhos de dekasseguis no retorno ao Brasil},
  publisher = {Editora UNESP/São Paulo: Cultura Acadêmica},
  address   = {São Paulo},
  year   = {2015},
  note   = {Disponível em \url{https://books.scielo.org/id/xky8j}. Acessado em 24/06/2023},
}

@book{viagemling,
  author = {Rosa, Maria Carlota},
  title  = {Uma viagem com a linguística: um panorama para iniciantes},
  publisher = {Pá de Palavra},
  address   = {São Paulo},
  year   = {2022},
  note   = {Disponível em \url{https://linguisticamcarlotarosa.wordpress.com/sobre-2}. Acessado em 24/06/2023},
}

@misc{japaoimigrantesbrasileiros,
  title     = {Japão: Conheça quantos, onde e como vivem os imigrantes brasileiros no outro lado do mundo},
  author    = {Angela Bretas},
  year      = {2004},
  note      = {Disponível em \url{http://verdestrigos.org/sitenovo/site/cronica_ver.asp?id=366}. Acessado em 24/06/2023},
}

@misc{escolasbrjp,
  title     = {Escolas brasileiras no Japão},
  author    = {Hiro},
  year      = {2022},
  note      = {Disponível em \url{https://whatsjap.com/escolas-brasileiras-no-japao}. Acessado em 24/06/2023},
}

@misc{regioesmaisbrjp,
  title     = {Conheça as 10 regiões mais ``brasileiras'' do Japão},
  author    = {Silvia Kawanami},
  year      = {2015},
  note      = {Disponível em \url{https://japaoemfoco.com/conheca-as-10-regioes-mais-brasileiras-do-japao}. Acessado em 24/06/2023},
}

@misc{videobairrojpcarla,
  title     = {Japão - Nagoya - Como é meu bairro no Japão?},
  author    = {Carla Santana},
  year      = {2022},
  note      = {Disponível em \url{https://youtu.be/OW614EdrQI0}. Acessado em 24/06/2023},
}

@misc{videoramencarla,
  title     = {O melhor lamen do Japão},
  author    = {Carla Santana},
  year      = {2023},
  note      = {Disponível em \url{https://youtu.be/Qdix90WKe6A}. Acessado em 24/06/2023},
}

@misc{videobairrojpfernando,
  title     = {Bairro de brasileiros no Japão!},
  author    = {Fernando Ferreira},
  year      = {2020},
  note      = {Disponível em \url{https://youtu.be/HpPFTZUBXC8}. Acessado em 24/06/2023},
}

@misc{videocidadebr,
  title     = {Conheca a `cidade brasileira' no Japão},
  author    = {{BBC News Brasil}},
  year      = {2015},
  note      = {Disponível em \url{https://youtu.be/dhoHpjp5720}. Acessado em 24/06/2023},
}
